<record><leader>00000cas a2200000 a 4500</leader><controlfield tag="001">21545065</controlfield><controlfield tag="008">900516d18841uuuiluwr ne      0   a0eng c</controlfield><datafield ind1=" " ind2=" " tag="010"><subfield code="a">sn 90054485 </subfield></datafield><datafield ind1=" " ind2=" " tag="040"><subfield code="a">NVF</subfield><subfield code="b">eng</subfield><subfield code="c">NVF</subfield><subfield code="d">NVF</subfield><subfield code="d">OCLCQ</subfield><subfield code="d">NVF</subfield><subfield code="d">OCLCF</subfield><subfield code="d">OCL</subfield><subfield code="d">OCLCO</subfield></datafield><datafield ind1="1" ind2=" " tag="029"><subfield code="a">AU@</subfield><subfield code="b">000020591364</subfield></datafield><datafield ind1=" " ind2=" " tag="042"><subfield code="a">pcc</subfield></datafield><datafield ind1=" " ind2=" " tag="043"><subfield code="a">n-us-il</subfield></datafield><datafield ind1="0" ind2="0" tag="245"><subfield code="a">De Witt County tribune.</subfield></datafield><datafield ind1="1" ind2="3" tag="246"><subfield code="a">Dewitt County weekly tribune</subfield></datafield><datafield ind1="3" ind2=" " tag="246"><subfield code="a">Dewitt County tribune</subfield></datafield><datafield ind1="3" ind2=" " tag="246"><subfield code="a">De Witt County weekly tribune</subfield></datafield><datafield ind1=" " ind2=" " tag="260"><subfield code="a">Farmer City, Ill. :</subfield><subfield code="b">Ewing &amp; Griffith,</subfield><subfield code="c">1884-[1---?].</subfield></datafield><datafield ind1="3" ind2=" " tag="260"><subfield code="3">Dec. 19, 1884-&lt;Aug. 21, 1885&gt;</subfield><subfield code="a">Farmer City, Ill. :</subfield><subfield code="b">M.L. Griffith</subfield></datafield><datafield ind1=" " ind2=" " tag="300"><subfield code="a">v.</subfield></datafield><datafield ind1=" " ind2=" " tag="310"><subfield code="a">Weekly</subfield></datafield><datafield ind1="0" ind2=" " tag="362"><subfield code="a">Vol. 5, no. 44 [no. 45] (Oct. 10, 1884)-</subfield></datafield><datafield ind1=" " ind2=" " tag="500"><subfield code="a">"County" appears above masthead ornament, 1884-Apr. 10, 1885.</subfield></datafield><datafield ind1=" " ind2=" " tag="515"><subfield code="a">Issue for Vol. 5, no. 45 (Oct. 10, 1884) erroneously designated as v. 5, no. 44 (Oct. 10, 1884).</subfield></datafield><datafield ind1=" " ind2=" " tag="515"><subfield code="a">Issue for Vol. 6, no. 12 (Feb. 20, 1885) erroneously designated as v. 6, no. 11 (Feb. 20, 1885).</subfield></datafield><datafield ind1=" " ind2=" " tag="588"><subfield code="a">Latest issue consulted: Vol. 6, no. 38 (Aug. 21, 1885).</subfield></datafield><datafield ind1=" " ind2="0" tag="651"><subfield code="a">De Witt County (Ill.)</subfield><subfield code="v">Newspapers.</subfield></datafield><datafield ind1=" " ind2="7" tag="651"><subfield code="a">Illinois</subfield><subfield code="z">De Witt County.</subfield><subfield code="2">fast</subfield><subfield code="0">(OCoLC)fst01213227</subfield></datafield><datafield ind1=" " ind2="7" tag="655"><subfield code="a">Newspapers.</subfield><subfield code="2">fast</subfield><subfield code="0">(OCoLC)fst01423814</subfield></datafield><datafield ind1=" " ind2=" " tag="752"><subfield code="a">United States</subfield><subfield code="b">Illinois</subfield><subfield code="c">De Witt</subfield><subfield code="d">Farmer City.</subfield></datafield><datafield ind1="0" ind2="0" tag="780"><subfield code="t">Clinton tribune (Clinton, Ill.)</subfield><subfield code="w">(DLC)sn 90054480</subfield><subfield code="w">(OCoLC)21544982</subfield></datafield></record>